<record><leader>00000cas a22000007a 4500</leader><controlfield tag="001">25650981</controlfield><controlfield tag="008">920415d193419uuctuwr ne      0    0eng d</controlfield><datafield ind1=" " ind2=" " tag="010"><subfield code="a">sn 92051196 </subfield></datafield><datafield ind1=" " ind2=" " tag="040"><subfield code="a">CNW</subfield><subfield code="b">eng</subfield><subfield code="c">CNW</subfield><subfield code="d">OCL</subfield><subfield code="d">CNW</subfield><subfield code="d">OCLCQ</subfield></datafield><datafield ind1=" " ind2=" " tag="042"><subfield code="a">msc</subfield></datafield><datafield ind1="0" ind2=" " tag="130"><subfield code="a">Sunday herald (Bridgeport, Conn. : State ed.)</subfield></datafield><datafield ind1="1" ind2="0" tag="245"><subfield code="a">Sunday herald.</subfield></datafield><datafield ind1=" " ind2=" " tag="250"><subfield code="a">State ed.</subfield></datafield><datafield ind1=" " ind2=" " tag="260"><subfield code="a">Bridgeport, Conn. :</subfield><subfield code="b">Bridgeport Herald Corp.</subfield></datafield><datafield ind1=" " ind2=" " tag="300"><subfield code="a">v.</subfield></datafield><datafield ind1=" " ind2=" " tag="310"><subfield code="a">Weekly</subfield></datafield><datafield ind1="0" ind2=" " tag="362"><subfield code="a">Vol. 44, no. 5 (Feb. 4, 1934)-</subfield></datafield><datafield ind1=" " ind2=" " tag="500"><subfield code="a">Edition statement varies: State ed., [No ed. statement], Final [ed.], Sports ed., Last ed. Many regional eds. include a section called: State ed.</subfield></datafield><datafield ind1=" " ind2=" " tag="580"><subfield code="a">Other editions available: City ed., Danbury, Derby, Waterbury, Ansonia ed., Hartford ed., New Haven ed., New London ed., County ed.</subfield></datafield><datafield ind1=" " ind2="4" tag="651"><subfield code="a">Connecticut</subfield><subfield code="v">Newspapers.</subfield></datafield><datafield ind1=" " ind2="4" tag="651"><subfield code="a">Bridgeport (Conn.)</subfield><subfield code="v">Newspapers.</subfield></datafield><datafield ind1=" " ind2=" " tag="752"><subfield code="a">United States</subfield><subfield code="b">Connecticut</subfield><subfield code="c">Fairfield</subfield><subfield code="d">Bridgeport.</subfield></datafield><datafield ind1="1" ind2=" " tag="775"><subfield code="t">Sunday herald (Bridgeport, Conn. : City ed.)</subfield><subfield code="w">(DLC)sn 92051195</subfield></datafield><datafield ind1="1" ind2=" " tag="775"><subfield code="t">Sunday herald (Bridgeport, Conn. : Danbury, Derby, Waterbury, Ansonia ed.)</subfield><subfield code="w">(DLC)sn 92051197</subfield></datafield><datafield ind1="1" ind2=" " tag="775"><subfield code="t">Sunday herald (Bridgeport, Conn. : Hartford ed.)</subfield><subfield code="w">(DLC)sn 92051198</subfield></datafield><datafield ind1="1" ind2=" " tag="775"><subfield code="t">Sunday herald (Bridgeport, Conn. : New Haven ed.)</subfield><subfield code="w">(DLC)sn 92051199</subfield></datafield><datafield ind1="1" ind2=" " tag="775"><subfield code="t">Sunday herald (Bridgeport, Conn. : New London ed.)</subfield><subfield code="w">(DLC)sn 92051200</subfield></datafield><datafield ind1="1" ind2=" " tag="775"><subfield code="t">Sunday herald (Bridgeport, Conn. : County ed.)</subfield><subfield code="w">(DLC)sn 94053169</subfield><subfield code="w">(OCoLC)30806132</subfield></datafield><datafield ind1="0" ind2="0" tag="780"><subfield code="t">Bridgeport herald (Bridgeport, Conn. : State ed.)</subfield><subfield code="w">(DLC)sn 90057333</subfield><subfield code="w">(OCoLC)22614068</subfield></datafield><datafield ind1="1" ind2=" " tag="029"><subfield code="a">AU@</subfield><subfield code="b">000020698872</subfield></datafield></record>